%% This BibTeX bibliography file was created using BibDesk.
%% http://bibdesk.sourceforge.net/

%% Created for Jack Allen at 2015-09-02 11:47:18 +0100 


%% Saved with string encoding Unicode (UTF-8) 



@article{Baird:1998aa,
	Author = {Baird, Alison E and Warach, Steven},
	Date = {1998/06//print},
	Date-Added = {2015-09-02 10:45:39 +0000},
	Date-Modified = {2015-09-02 10:45:39 +0000},
	Isbn = {0271-678X},
	Journal = {J Cereb Blood Flow Metab},
	Month = {06},
	Number = {6},
	Pages = {583--609},
	Publisher = {International Society of Cerebral Blood Flow and Metabolism},
	Title = {Magnetic Resonance Imaging of Acute Stroke},
	Ty = {JOUR},
	Url = {http://dx.doi.org/10.1097/00004647-199806000-00001},
	Volume = {18},
	Year = {1998},
	Bdsk-Url-1 = {http://dx.doi.org/10.1097/00004647-199806000-00001}}

@article{bakshi2008mri,
	Author = {Bakshi, Rohit and Thompson, Alan J and Rocca, Maria A and Pelletier, Daniel and Dousset, Vincent and Barkhof, Frederik and Inglese, Matilde and Guttmann, Charles RG and Horsfield, Mark A and Filippi, Massimo},
	Date-Added = {2015-09-02 10:42:32 +0000},
	Date-Modified = {2015-09-02 10:42:32 +0000},
	Journal = {The Lancet Neurology},
	Number = {7},
	Pages = {615--625},
	Publisher = {Elsevier},
	Title = {MRI in multiple sclerosis: current status and future prospects},
	Volume = {7},
	Year = {2008}}

@article{deoni2005high,
	Author = {Deoni, Sean CL and Peters, Terry M and Rutt, Brian K},
	Date-Added = {2015-09-02 10:33:47 +0000},
	Date-Modified = {2015-09-02 10:33:47 +0000},
	Journal = {Magnetic resonance in medicine},
	Number = {1},
	Pages = {237--241},
	Publisher = {Wiley Online Library},
	Title = {High-resolution T1 and T2 mapping of the brain in a clinically acceptable time with DESPOT1 and DESPOT2},
	Volume = {53},
	Year = {2005}}

@article{haackemagnetic,
	Author = {Haacke, E Mark and Brown, RW and Thompson, MR and Venkatesan, R},
	Date-Added = {2015-09-01 14:39:27 +0000},
	Date-Modified = {2015-09-02 10:38:52 +0000},
	Journal = {New York: A John Wiley and Sons},
	Title = {Magnetic resonance imaging: physical principles and sequence design.},
	Year = {1999}}

@book{bernstein2004handbook,
	Author = {Bernstein, Matt A and King, Kevin F and Zhou, Xiaohong Joe},
	Date-Added = {2015-09-01 14:38:00 +0000},
	Date-Modified = {2015-09-01 14:38:00 +0000},
	Publisher = {Elsevier},
	Title = {Handbook of MRI pulse sequences},
	Year = {2004}}
